<record><leader>00000cas a22000007a 4500</leader><controlfield tag="001">11995178</controlfield><controlfield tag="008">850503d19551956wiuwr ne      0    0eng d</controlfield><datafield ind1=" " ind2=" " tag="010"><subfield code="a">sn 85040697 </subfield></datafield><datafield ind1=" " ind2=" " tag="040"><subfield code="a">NPV</subfield><subfield code="b">eng</subfield><subfield code="c">NPV</subfield><subfield code="d">OCLCQ</subfield></datafield><datafield ind1=" " ind2=" " tag="042"><subfield code="a">msc</subfield></datafield><datafield ind1=" " ind2=" " tag="045"><subfield code="a">x5x5</subfield></datafield><datafield ind1=" " ind2=" " tag="052"><subfield code="a">4123</subfield><subfield code="b">V4</subfield></datafield><datafield ind1="0" ind2="0" tag="245"><subfield code="a">Vernon County broadcaster and Vernon County censor.</subfield></datafield><datafield ind1=" " ind2=" " tag="260"><subfield code="a">Viroqua, Wis. :</subfield><subfield code="b">R.L. Graves,</subfield><subfield code="c">1955-1956.</subfield></datafield><datafield ind1=" " ind2=" " tag="300"><subfield code="a">2 v. :</subfield><subfield code="b">ill.</subfield></datafield><datafield ind1=" " ind2=" " tag="310"><subfield code="a">Weekly</subfield></datafield><datafield ind1="0" ind2=" " tag="362"><subfield code="a">Vol. 35, no. 45 (Nov. 10, 1955)-v. 36, no. 9 (Mar. 1, 1956).</subfield></datafield><datafield ind1=" " ind2=" " tag="500"><subfield code="a">Editor: G. Edges.</subfield></datafield><datafield ind1=" " ind2=" " tag="530"><subfield code="a">Available on microfilm from The State Historical Society of Wisconsin.</subfield></datafield><datafield ind1=" " ind2=" " tag="752"><subfield code="a">United States</subfield><subfield code="b">Wisconsin</subfield><subfield code="c">Vernon</subfield><subfield code="d">Viroqua.</subfield></datafield><datafield ind1="0" ind2="4" tag="780"><subfield code="t">Vernon County broadcaster</subfield><subfield code="w">(DLC)sn 85040696</subfield></datafield><datafield ind1="0" ind2="4" tag="780"><subfield code="t">Vernon County censor</subfield><subfield code="w">(DLC)sn 85040451</subfield></datafield><datafield ind1="0" ind2="0" tag="785"><subfield code="t">Vernon County broadcaster-censor</subfield><subfield code="w">(DLC)sn 85040698</subfield></datafield><datafield ind1="1" ind2=" " tag="029"><subfield code="a">AU@</subfield><subfield code="b">000025804114</subfield></datafield></record>